

@manual{abntex2classe,
	Annote = {Este documento substitui o \cite{abnt-classe-doc}},
	Author = {Equipe abnTeX2},
	Date-Added = {2012-12-19 13:08:40 +0000},
	Date-Modified = {2012-12-19 13:09:59 +0000},
	Organization = {Equipe abnTeX2},
	Title = {A classe abntex2: Modelo can{\^o}nico de trabalhos acad{\^e}micos brasileiros compat{\'\i}vel com as normas ABNT NBR 14724:2011, ABNT NBR 6024:2012 e outras},
	Url = {http://code.google.com/p/abntex2/},
	Year = {2012},
	Bdsk-Url-1 = {http://code.google.com/p/abntex2/}}

@manual{abntex2cite-alf,
	Annote = {Este documento {\'e} derivado do \cite{abnt-bibtex-alf-doc}},
	Author = {Equipe abnTeX2},
	Date-Added = {2012-12-19 13:08:00 +0000},
	Date-Modified = {2012-12-19 13:08:30 +0000},
	Organization = {Equipe abnTeX2},
	Title = {Manual de uso do pacote abntex2cite: t{\'o}picos espec{\'\i}ficos da ABNT NBR 10520:2002 e o estilo bibliogr{\'a}fico alfab{\'e}tico (sistema autor-data},
	Url = {http://code.google.com/p/abntex2/},
	Year = {2012},
	Bdsk-Url-1 = {http://code.google.com/p/abntex2/}}

@manual{abntex2cite,
	Annote = {Este documento {\'e} derivado do \cite{abnt-bibtex-doc}},
	Author = {Equipe abnTeX2},
	Date-Added = {2012-12-19 13:06:14 +0000},
	Date-Modified = {2012-12-19 13:07:44 +0000},
	Organization = {Equipe abnTeX2},
	Title = {Manual de uso dos estilos bibliogr{\'a}ficos do pacote abntex2: estilos bibtex compat{\'\i}veis com a ABNT NBR 6023:2000},
	Url = {http://code.google.com/p/abntex2/},
	Year = {2012}}

@manual{abnt-bibtex-doc,
	Author = {Gerald Weber},
	Organization = {Grupo abnTeX},
	Title = {Estilo bibtex compat{\'\i}vel com a `norma' 6023/2000 da {ABNT}},
	Url = {http://abntex.codigolivre.org.br},
	Year = {2003},
	Bdsk-Url-1 = {http://abntex.codigolivre.org.br}}

@manual{abnt-bibtex-alf-doc,
	Author = {Gerald Weber},
	Organization = {Grupo abnTeX},
	Subtitle = {Quest\~oes espec{\'\i}ficas da `norma' 10520/2001},
	Title = {Estilo bibtex compat{\'\i}vel com a `norma' 6023/2000 da {ABNT}},
	Url = {http://abntex.codigolivre.org.br},
	Year = {2003},
	Bdsk-Url-1 = {http://abntex.codigolivre.org.br}}

@manual{abnt-classe-doc,
	Author = {Santini Frasson, Miguel Vin{\'\i}cius},
	Organization = {Grupo abnTeX},
	Subtitle = {confec{\c c}{\~a}o de trabalhos acad{\^e}micos em {\LaTeX} segundo as normas {ABNT}},
	Title = {Classe {ABNT}},
	Url = {http://abntex.codigolivre.org.br},
	Year = {2002},
	Bdsk-Url-1 = {http://abntex.codigolivre.org.br}}

@manual{tabela-simbolos-doc,
	Author = {Gerald Weber},
	Organization = {Grupo abnTeX},
	Title = {Tabelas de s{\'\i}mbolos usando makeindex},
	Url = {http://abntex.codigolivre.org.br},
	Year = {2003},
	urlaccessdate={20 jun. 2007}
}

@book{knuth,
    title={The texbook},
    author={Knuth, D.E. and Bibby, D. and Makai, I.},
    volume={1993},
    year={1986},
    publisher={Addison-Wesley}
}

@misc{lamport,
    title={Document Preparation System},
    author={Lamport, L. and LaTEX, A.},
    year={1994},
    publisher={Addison-Wesley}
}

@manual{latex-guide,
  Author = {WikiBooks},
  Organization = {WikiBooks},
  Title = {The Latex Guide},
  Url = {https://en.wikibooks.org/wiki/LaTeX},
  Year = {2015},
  urlaccessdate={15 nov. 2015}}
